@article{Liu:2021yoy,
    author = "{\textbf{Liu Shuai}$^{\dagger}$, Zhu Liang-Gui and Hu Yi-Ming$^{\dagger}$ and Zhang Jian-dong and Ji Mu-Jie}",
    title = "\textbf{Capability for detection of GW190521-like binary black holes with TianQin}",
%    eprint = "2110.05248",
    archivePrefix = "arXiv",
    primaryClass = "astro-ph.HE",
    doi = "10.1103/PhysRevD.105.023019",
    journal = "Phys. Rev. D",
    volume = "105",
    number = "2",
    pages = "023019",
    year = "2022"
}

@article{Zhu:2021bpp,
    author = "{Zhu Liang-Gui and Xie Ling-Hua and Hu Yi-Ming$^{\dagger}$ and \textbf{Liu Shuai}$^{\dagger}$
and Li En-Kun$^{\dagger}$ and Napolitano Nicola R. and Tang Bai-Tian and Zhang Jian-dong and Mei Jianwei}",
    title = "\textbf{Constraining the Hubble constant to a precision of about 1\% using multi-band dark standard siren detections}",
    %eprint = "2110.05224",
    archivePrefix = "arXiv",
    primaryClass = "astro-ph.CO",
    doi = "10.1007/s11433-021-1859-9",
    journal = "Sci. China: Phys. Mech. Astron.",
    volume = "65",
    number = "5",
    pages = "259811",
    year = "2022"
}

@article{Tam:2021,
    author = "{Tam Pakhin$^{\dagger}$ and Ou Ziwei and \textbf{Liu Shuai} and Lei Weihua and Hu Yiming}",
    title = "\textbf{Stellar-mass binary black holes: Inspirals and their detection}",
    doi = "10.13471/j.cnki.acta.snus.2020.11.14.2020B134",
    journal = "Acta Scientiarum Naturalium Universitatis Sunyatseni",
    volume = "60",
    number = "1",
    pages = "12",
    year = "2021"
}

@article{Liu:2020eko,
    author = "{\textbf{Liu Shuai}$^{\dagger}$ and Hu Yi-Ming$^{\dagger}$ and Zhang Jian-dong$^{\dagger}$ and Mei
    Jianwei$^{\dagger}$}",
    title = "\textbf{Science with the TianQin observatory: Preliminary results on stellar-mass binary black holes}",
%    eprint = "2004.14242",
    archivePrefix = "arXiv",
    primaryClass = "astro-ph.HE",
    doi = "10.1103/PhysRevD.101.103027",
    journal = "Phys. Rev. D",
    volume = "101",
    number = "10",
    pages = "103027",
    year = "2020"
}

@article{Wang:2016jov,
    author = "{Wang Yong-Qiang and \textbf{Liu Shuai}$^{\dagger}$}",
    title = "\textbf{Holographic s-wave and p-wave Josephson junction with backreaction}",
%    eprint = "1608.06364",
    archivePrefix = "arXiv",
    primaryClass = "hep-th",
    doi = "10.1007/JHEP11(2016)127",
    journal = "JHEP",
    volume = "11",
    pages = "127",
    year = "2016"
}

@article{Liu:2015zca,
    author = "{\textbf{Liu Shuai} and Wang Yong-Qiang$^{\dagger}$}",
    title = "\textbf{Holographic model of hybrid and coexisting s-wave and p-wave Josephson junction}",
%    eprint = "1504.06918",
    archivePrefix = "arXiv",
    primaryClass = "hep-th",
    doi = "10.1140/epjc/s10052-015-3692-2",
    journal = "Eur. Phys. J. C",
    volume = "75",
    number = "10",
    pages = "493",
    year = "2015"
}
